@article{
	OFF,
	author = "Wikipedia",
	title = "Spécification du format de fichier OFF",
	note = "\newline\url{https://en.wikipedia.org/wiki/OFF_(file_format)}"
}

@article{
	heron,
	author = "Wikipedia",
	title = "Formule de Héron",
	note = "\newline\url{https://en.wikipedia.org/wiki/Heron%27s_formula}"
}

@article{
pthreads,
	author = "Franck Hecht",
	title = "Initiation à la programmation multitâche en C avec pthreads",
	note = "\newline\url{http://franckh.developpez.com/tutoriels/posix/pthreads/}"
}


@article{
github,
	author = "L.Aubert et T. Jallois",
	title = "Dépôt Github",
	note = "\newline\url{https://github.com/ZanyMonk/SurfaceMeasurer}"
}
